<collection xmlns="http://www.loc.gov/MARC21/slim">
<record>
  <leader>01385nam0a22002651i 450 </leader>
  <controlfield tag="001">IT\ICCU\CNCE\034676</controlfield>
  <controlfield tag="005">20030219000000.0</controlfield>
  <datafield tag="012" ind1=" " ind2=" ">
    <subfield code="a">o-l- o.o, --l- fuci (3) 1589 (Q)</subfield>
    <subfield code="2">fei</subfield>
  </datafield>
  <datafield tag="100" ind1=" " ind2=" ">
    <subfield code="a">19980107f1589        0itac0103    ba</subfield>
  </datafield>
  <datafield tag="101" ind1=" " ind2=" ">
    <subfield code="a">ITA</subfield>
  </datafield>
  <datafield tag="102" ind1=" " ind2=" ">
    <subfield code="a">IT</subfield>
  </datafield>
  <datafield tag="200" ind1="1" ind2=" ">
    <subfield code="a">℗Il ℗Sileno dialogo di Hieronimo Vida. iustinopolitano. Nel quale si discorre della felicit ̉de&apos; mortali ... insieme con le sue rime, et conclusioni amorose. Et con l&apos;interpretatione del sig. Ottonello de&apos; Belli Iustinopolitano sopra il medesimo dialogo</subfield>
  </datafield>
  <datafield tag="210" ind1=" " ind2=" ">
    <subfield code="a">In Vicenza</subfield>
    <subfield code="c">appresso Giorgio Greco</subfield>
    <subfield code="d">ad instanza di Alciato de&apos; Alciati</subfield>
    <subfield code="d">&amp; Pietro Bertelli</subfield>
    <subfield code="d">\1589!</subfield>
  </datafield>
  <datafield tag="215" ind1=" " ind2=" ">
    <subfield code="a">\16!, 112 \i.e.124! p.</subfield>
    <subfield code="d">8ʻ</subfield>
  </datafield>
  <datafield tag="300" ind1=" " ind2=" ">
    <subfield code="a">ANNULLATA  !!!!!  vedi 54093</subfield>
  </datafield>
  <datafield tag="620" ind1=" " ind2=" ">
    <subfield code="a">IT</subfield>
    <subfield code="d">Vicenza</subfield>
  </datafield>
  <datafield tag="700" ind1=" " ind2="1">
    <subfield code="a">Vida,</subfield>
    <subfield code="b">Marco Girolamo</subfield>
    <subfield code="3">IT\ICCU\CNCA\003563</subfield>
  </datafield>
  <datafield tag="712" ind1="0" ind2="0">
    <subfield code="a">Greco, Giorgio</subfield>
    <subfield code="3">IT\ICCU\CNCT\000092</subfield>
    <subfield code="4">650</subfield>
  </datafield>
  <datafield tag="712" ind1="0" ind2="0">
    <subfield code="a">Alciati, Alciato &amp; Bertelli, Pietro</subfield>
    <subfield code="3">IT\ICCU\CNCT\001006</subfield>
    <subfield code="4">650</subfield>
  </datafield>
  <datafield tag="790" ind1=" " ind2="1">
    <subfield code="a">Vida,</subfield>
    <subfield code="b">Marcus Hieronymus</subfield>
    <subfield code="3">IT\ICCU\CNCA\025738</subfield>
    <subfield code="z">Vida, Marco Girolamo</subfield>
  </datafield>
  <datafield tag="791" ind1="0" ind2="0">
    <subfield code="a">Graecus, Georgius</subfield>
    <subfield code="3">IT\ICCU\CNCT\005047</subfield>
    <subfield code="z">Greco, Giorgio</subfield>
  </datafield>
  <datafield tag="791" ind1="0" ind2="0">
    <subfield code="a">Alcia, Alciatus et Bertellius, Petrus</subfield>
    <subfield code="3">IT\ICCU\CNCT\004278</subfield>
    <subfield code="z">Alciati, Alciato &amp; Bertelli, Pietro</subfield>
  </datafield>
  <datafield tag="801" ind1=" " ind2="3">
    <subfield code="a">IT</subfield>
    <subfield code="b">ICCU</subfield>
    <subfield code="c">20201114</subfield>
  </datafield>
  <datafield tag="899" ind1=" " ind2=" ">
    <subfield code="a">Biblioteca civica Giovanni Canna. Casale Monferrato</subfield>
    <subfield code="1">AL0114</subfield>
    <subfield code="2">TO0 49</subfield>
  </datafield>
  <datafield tag="899" ind1=" " ind2=" ">
    <subfield code="a">Biblioteca Oliveriana. Pesaro</subfield>
    <subfield code="z">MUTILO</subfield>
    <subfield code="1">PU0061</subfield>
    <subfield code="2">URB OL</subfield>
  </datafield>
</record>
</collection>
